@BOOK{introductiondm,
    TITLE = {Introduction to Data Mining},
    AUTHOR = {Tan, Pang-Ning and Steinbach, Michael and Kumar, Vipin},
    PUBLISHER = {Pearson},
    YEAR = {2018}
}

@BOOK{aima,
    TITLE = {Artificial Intelligence: A Modern Approach},
    AUTHOR = {Russell, Stuart and Norvig, Peter},
    PUBLISHER = {Pearson},
    YEAR = {2021}
}
